<?xml version="1.0" encoding="UTF-8"?><collection xmlns="http://www.loc.gov/MARC21/slim"><record><leader>00353nam--2200133-i-4500</leader><controlfield tag="001">000030279</controlfield><controlfield tag="002">20161230</controlfield><controlfield tag="005">20161230201038</controlfield><controlfield tag="008">060222s1000------------r-----000-0-eng-d</controlfield><datafield ind1=" " ind2=" " tag="080"><subfield code="a">681.3.012</subfield></datafield><datafield ind1=" " ind2=" " tag="100"><subfield code="a">Lupu, Cristian., Stancescu, Stefan</subfield></datafield><datafield ind1=" " ind2=" " tag="245"><subfield code="a">Microprocesoare. circuite. proiectare</subfield></datafield><datafield ind1=" " ind2=" " tag="260"><subfield code="a">Bucuresti, Ed.Militara, 1986, 287p</subfield></datafield><datafield ind1=" " ind2=" " tag="852"><subfield code="a">73561</subfield></datafield></record></collection>